@article{loshchilov2018fixing,
  key = {Fixing weight decay},
  title = {{Fixing weight decay regularization in Adam}},
  author = {Loshchilov, Ilya and Hutter, Frank},
  journal={arXiv preprint arXiv:1711.05101},
  year={2017},
  url = {https://arxiv.org/abs/1711.05101}
}

@article{overviewML,
  key = {Overview of ML},
  title = {An overview of gradient descent optimization algorithms},
  author = {Sebastian Ruder},
  journal={arXiv:1609.04747v2},
  year={2017},
  url = {https://arxiv.org/pdf/1609.04747.pdf}
}

@article{RMSProp_lecture,
  key = {RMSProp},
  title = { Steve Renals, Lecutre 6, Slide 12, Machine Learning Practical, The University of Edinburgh},
  author = {Steve Renals},
  journal={},
  year={2018},
  url = {http://www.inf.ed.ac.uk/teaching/courses/mlp/2018-19/mlp05-learn.pdf}
}

@article{SGD_lecture,
  key = {SGD},
  title = { Steve Renals, Lecutre 6, Slide 8, Machine Learning Practical, The University of Edinburgh},
  author = {Steve Renals},
  journal={},
  year={2018},
  url = {http://www.inf.ed.ac.uk/teaching/courses/mlp/2018-19/mlp05-learn.pdf}
}

@article{Adam,
  key = {Adam},
  title = {Adam: A Method For Stochastic Optimization},
  author = {Diederik P. Kingma, Jimmy Lei Ba},
  journal={arXiv:1412.6980v9},
  year={2015},
  url = {https://arxiv.org/pdf/1412.6980.pdf}
}

@article{SGDR,
  key = {SGDR},
  title = {SGDR: Stochastic Gradient Descent with Warm Restarts},
  author = {Ilya Loshchilov, Frank Hutter},
  journal={arXiv:1608.03983v5},
  year={2017},
  url = {https://arxiv.org/pdf/1608.03983.pdf}
}

@article{imagenet,
  key = {imagenet},
  title = {ImageNet Classification with Deep Convolutional Neural Networks},
  author = {Alex Krizhevsky, Ilya Sutskever, Geoffrey E. Hinton},
  journal={arXiv:1608.03983v5},
  year={2012},
  url = {https://papers.nips.cc/paper/4824-imagenet-classification-with-deep-convolutional-eural-networks.pdf}
}

@article{nn-speech,
  title = {New Types of Deep Neural Network Learning for Speech Recognition and Related Applications: an Overview },
  author = {Li Deng, Geoffrey Hinton, Brian Kingsbury},
  year={2014},
  url = {https://ieeexplore.ieee.org/stamp/stamp.jsp?tp=&arnumber=6639344}
}

@article{EMNIST,
  key = {EMNIST},
  title = {EMNIST: an extension of MNIST to handwritten letters},
  author = {Gregory Cohen, Saeed Afshar, Jonathan Tapson, and Andre van Schaik},
  journal={arXiv:1702.05373v2},
  year={2017},
  url = {https://arxiv.org/pdf/1702.05373.pdf}
}